<record xmlns:xsi="http://www.w3.org/2001/XMLSchema-instance" xmlns="http://www.loc.gov/MARC21/slim" xsi:schemaLocation="http://www.loc.gov/MARC21/slim http://www.loc.gov/standards/marcxml/schema/MARC21slim.xsd">

  <leader>00714nam a2200181Ia 4500</leader>
  <datafield ind1=" " ind2=" " tag="999">
    <subfield code="c">1648</subfield>
    <subfield code="d">1648</subfield>
  </datafield>
  <controlfield tag="008">180313b1989    cr ||||| |||| 00| | spa d</controlfield>
  <datafield ind1=" " ind2=" " tag="090">
    <subfield code="a">06.02.04 </subfield>
    <subfield code="b">354</subfield>
  </datafield>
  <datafield ind1="1" tag="100" ind2=" ">
    <subfield code="a">Meoño Soto, Rodolfo</subfield>
    <subfield code="9">2410</subfield>
  </datafield>
  <datafield tag="245" ind2="0" ind1="1">
    <subfield code="a">Factores externos e internos en la formulación y ejecución de las políticas universitarias : la Universidad Nacional. / </subfield>
    <subfield code="c">Rodolfo Meoño, Silvia Castro Méndez</subfield>
  </datafield>
  <datafield ind1=" " tag="260" ind2=" ">
    <subfield code="a">Heredia, Costa Rica : </subfield>
    <subfield code="b">Universidad Nacional, </subfield>
    <subfield code="c">1989</subfield>
  </datafield>
  <datafield ind2=" " tag="300" ind1=" ">
    <subfield code="a">337 páginas</subfield>
  </datafield>
  <datafield tag="500" ind2=" " ind1=" ">
    <subfield code="a">Estudio elaborado para el Consejo Superior Univesitario Centroamericano</subfield>
  </datafield>
  <datafield tag="610" ind2="0" ind1="2">
    <subfield code="a">UNIVERSIDAD NACIONAL DE COSTA RICA</subfield>
    <subfield code="9">2381</subfield>
  </datafield>
  <datafield tag="650" ind2="4" ind1="1">
    <subfield code="a">POLÍTICA EDUCATIVA</subfield>
    <subfield code="9">451</subfield>
  </datafield>
  <datafield ind2="4" tag="650" ind1="1">
    <subfield code="a">ANÁLISIS ESTADÍSTICO </subfield>
    <subfield code="9">902</subfield>
  </datafield>
  <datafield ind1="1" tag="650" ind2="4">
    <subfield code="a">FINANCIAMIENTO DE LA EDUCACIÓN </subfield>
    <subfield code="9">338</subfield>
  </datafield>
  <datafield ind1="1" ind2=" " tag="700">
    <subfield code="9">3481</subfield>
    <subfield code="a">Castro Méndez, Silvia</subfield>
  </datafield>
  <datafield tag="942" ind2=" " ind1=" ">
    <subfield code="2">z</subfield>
    <subfield code="c">01</subfield>
  </datafield>
</record>